@misc{petersen2022deepdifferentiablelogicgate,
      title={Deep Differentiable Logic Gate Networks}, 
      author={Felix Petersen and Christian Borgelt and Hilde Kuehne and Oliver Deussen},
      year={2022},
      eprint={2210.08277},
      archivePrefix={arXiv},
      primaryClass={cs.LG},
      url={https://arxiv.org/abs/2210.08277}, 
}

@misc{petersen2024convolutionaldifferentiablelogicgate,
      title={Convolutional Differentiable Logic Gate Networks}, 
      author={Felix Petersen and Hilde Kuehne and Christian Borgelt and Julian Welzel and Stefano Ermon},
      year={2024},
      eprint={2411.04732},
      archivePrefix={arXiv},
      primaryClass={cs.LG},
      url={https://arxiv.org/abs/2411.04732}, 
}





% Implementation references

@article{lecun2015deep,
  title={Deep learning},
  author={LeCun, Yann and Bengio, Yoshua and Hinton, Geoffrey},
  journal={Nature},
  volume={521},
  number={7553},
  pages={436--444},
  year={2015},
  publisher={Nature Publishing Group}
}

@book{latex:companion,
  author = {Frank Mittelbach and Michel Gossens
            and Johannes Braams and David Carlisle
            and Chris Rowley},
  year = {2004},
  title = {The {\LaTeX} Companion},
  publisher = {Addison-Wesley Professional},
  edition = {2}
}

@inproceedings{lesk:1977,
  title={Computer Typesetting of Technical Journals on {UNIX}},
  author={Michael Lesk and Brian Kernighan},
  booktitle={Proceedings of American Federation of
             Information Processing Societies: 1977
             National Computer Conference},
  pages={879--888},
  year={1977},
  address={Dallas, Texas}
}